<?xml version="1.0" encoding="UTF-8"?><record xmlns="http://www.loc.gov/MARC21/slim" xmlns:cinclude="http://apache.org/cocoon/include/1.0" xmlns:zs="http://www.loc.gov/zing/srw/">
  <leader>00731nz  a2200145n  4500</leader>
  <controlfield tag="001">nr 92027074 </controlfield>
  <controlfield tag="003">DLC</controlfield>
  <controlfield tag="005">19961211051125.0</controlfield>
  <controlfield tag="008">920729n| acannaab|          |a ana     c</controlfield>
  <datafield tag="010" ind1=" " ind2=" ">
    <subfield code="a">nr 92027074 </subfield>
  </datafield>
  <datafield tag="040" ind1=" " ind2=" ">
    <subfield code="a">CSt</subfield>
    <subfield code="c">CSt</subfield>
  </datafield>
  <datafield tag="110" ind1="2" ind2="0">
    <subfield code="a">Statistics Canada.</subfield>
    <subfield code="b">Spatial Delineation and Analysis Section</subfield>
  </datafield>
  <datafield tag="410" ind1="2" ind2="0">
    <subfield code="a">Statistics Canada.</subfield>
    <subfield code="b">Section de la délimitation géographique et de l'analyse</subfield>
  </datafield>
  <datafield tag="410" ind1="2" ind2="0">
    <subfield code="a">Statistics Canada.</subfield>
    <subfield code="b">Geography Division.</subfield>
    <subfield code="b">Spatial Delineation and Analysis Section</subfield>
  </datafield>
  <datafield tag="670" ind1=" " ind2=" ">
    <subfield code="a">Mitchell, R. Census tract programme, 1983:</subfield>
    <subfield code="b">t.p. (Statistics Canada, Geography Division, Spatial Delineation and Analysis Section; Statistique Canada, Division de la géographie, Section de la délimitation géographique et de l'analyse)</subfield>
  </datafield>
</record>